<?xml version="1.0" encoding="UTF-8"?><record xmlns="http://www.loc.gov/MARC21/slim" xmlns:cinclude="http://apache.org/cocoon/include/1.0" xmlns:zs="http://www.loc.gov/zing/srw/">
  <leader>00524nz  a2200145n  4500</leader>
  <controlfield tag="001">nb2011018448</controlfield>
  <controlfield tag="003">DLC</controlfield>
  <controlfield tag="005">20110716143244.0</controlfield>
  <controlfield tag="008">110714n| acannaabn          |n aaa      </controlfield>
  <datafield tag="010" ind1=" " ind2=" ">
    <subfield code="a">nb2011018448</subfield>
  </datafield>
  <datafield tag="035" ind1=" " ind2=" ">
    <subfield code="a">(Uk)008195492</subfield>
  </datafield>
  <datafield tag="040" ind1=" " ind2=" ">
    <subfield code="a">Uk</subfield>
    <subfield code="b">eng</subfield>
    <subfield code="c">Uk</subfield>
  </datafield>
  <datafield tag="100" ind1="1" ind2=" ">
    <subfield code="a">Perdiguero, César,</subfield>
    <subfield code="d">1921-1984</subfield>
  </datafield>
  <datafield tag="670" ind1=" " ind2=" ">
    <subfield code="a">César Perdiguero en "El cochero joven", 2009</subfield>
  </datafield>
  <datafield tag="670" ind1=" " ind2=" ">
    <subfield code="a">Agenciaelvigia website, 14 July 2011:</subfield>
    <subfield code="b">César Perdiguero p. (born 7 May 1921; died 22 Dec. 1984; journalist, teacher and writer; known primarily for his songs)</subfield>
  </datafield>
</record>